@article{Yilmaz2006,
author = {Yilmaz, Alper and Javed, Omar and Shah, Mubarak},
doi = {10.1145/1177352.1177355},
file = {:home/jfsantos/Downloads/10.1.1.112.8588.pdf:pdf},
issn = {03600300},
journal = {ACM Computing Surveys},
month = dec,
number = {4},
pages = {13--es},
title = {{Object tracking}},
url = {http://portal.acm.org/citation.cfm?doid=1177352.1177355},
volume = {38},
year = {2006}
}
@book{Gonzalez2007,
author = {Gonzalez, Rafael C. and Woods, Richard E.},
isbn = {013168728X},
pages = {976},
publisher = {Prentice Hall},
title = {{Digital Image Processing (3rd Edition)}},
url = {http://www.amazon.com/Digital-Image-Processing-Rafael-Gonzalez/dp/013168728X},
year = {2007}
}
@misc{Fisher2007,
abstract = {For the CAVIAR project a number of video clips were recorded acting out the different scenarios of interest. These include people walking alone, meeting with others, window shopping, entering and exitting shops, fighting and passing out and last, but not least, leaving a package in a public place.},
author = {Fisher, Robert},
title = {{CAVIAR Test Case Scenarios}},
howpublished = {Disponível em http://homepages.inf.ed.ac.uk/rbf/CAVIARDATA1/},
month = "visitado em julho de",
year = {2010}
}
@article{Bay2008,
author = {Bay, Herbert and Ess, Andreas and Tuytelaars, Tinne and Van Gool, Luc},
doi = {10.1016/j.cviu.2007.09.014},
file = {:home/jfsantos/Downloads/eth\_biwi\_00517.pdf:pdf},
issn = {10773142},
journal = {Computer Vision and Image Understanding},
keywords = {camera calibration,feature description,interest points,local features,object recognition},
month = jun,
number = {3},
pages = {346--359},
title = {{Speeded-Up Robust Features (SURF)}},
url = {http://linkinghub.elsevier.com/retrieve/pii/S1077314207001555},
volume = {110},
year = {2008}
}
@article{Zhou2009,
author = {Zhou, Huiyu and Yuan, Yuan and Shi, Chunmei},
doi = {10.1016/j.cviu.2008.08.006},
file = {:home/jfsantos/obj\_tracking\_sift.pdf:pdf},
issn = 10773142,
journal = {Computer Vision and Image Understanding},
month = mar,
number = 3,
pages = {345--352},
publisher = {Elsevier Inc.},
title = {{Object tracking using SIFT features and mean shift}},
url = {http://linkinghub.elsevier.com/retrieve/pii/S1077314208001331},
volume = 113,
year = 2009
}

@misc{flann,
author = {Muja, Marius},
title = {{FLANN - Fast Library for Approximate Nearest Neighbors}},
howpublished = {Disponível em http://www.cs.ubc.ca/\~{}mariusm/index.php/FLANN/FLANN},
month = {visitado em julho de},
year = 2010
}

@Misc{python,
  author = 	 "{Python Software Foundation}",
  title = 	 "{Python Programming Language}",
  howpublished = {Disponível em http://www.python.org},
  month = 	 {visitado em julho de},
  year = 	 2010
}

@Misc{numpy,
  title = 	 {{NumPy}},
  howpublished = {Disponível em http://numpy.scipy.org},
  month = 	 {visitado em julho de},
  year = 	 2010
}

@book{Bradski2008,
author = {Bradski, G.R. and Kaehler, A.},
file = {:home/jfsantos/Documents/books/DSP/OReilly-LearningOpenCV.pdf:pdf},
pages = {258},
publisher = {O'Reilly},
title = {{Learning OpenCV}},
year = {2008}
}

@misc{opencv,
title = {{OpenCV}},
howpublished = {Disponível em http://opencv.willowgarage.com/},
month = {visitado em julho de},
year = {2010}
}
